@Article{deepblue1,
	Author         = {Hsu, F.H. and Campbell and M.S., Hoane and A.J.J},
	Title          = {Deep Blue System Overview},
	Journal        = {Proceedings of the 9th ACM Int. Conf. on Supercomputing},
	Pages          = {240-244},
	year           = 1995
}

@misc{aibirds1,
	title = {{AIBirds}, {A}ngry {B}irds {AI} {C}ompetition},
	howpublished = {\url{https://aibirds.org/}},
	note = {Acessado em: 01-02-2016},
	year = 2016
}

@article{gamesComputerAI1,
    author  = {Schaeffer, J. and van den Herik, H},
    title   = {Games, computers and artificial intelligence},
    year    = 2002,
    journal = {Artificial Intelligence - Chips challenging champions: games, computers and Artificial Intelligence},
    volume  = 134,
    pages   = {1-8}
}

@misc{michaelis,
	title = {{Michaelis}, {D}icionários {M}ichaelis},
	howpublished = {\url{http://michaelis.uol.com.br/}},
	note = {Acessado em: 07-02-2016},
	year = 2016
}

@book{aiModenApproach,
	title={Artificial Intelligence: A Modern Approach},
	author={Russell, S.J. and Norvig, P.},
	isbn={9780136042594},
	lccn={2011288031},
	series={Discovering great minds of science},
	url={https://books.google.es/books?id=8jZBksh-bUMC},
	year={2010},
	publisher={Prentice Hall}
}

@article{kidsim,
	author = {Smith, David Canfield and Cypher, Allen and Spohrer, Jim},
	title = {KidSim: Programming Agents Without a Programming Language},
	journal = {Commun. ACM},
	issue_date = {July 1994},
	volume = {37},
	number = {7},
	month = jul,
	year = {1994},
	issn = {0001-0782},
	pages = {54--67},
	numpages = {14},
	url = {http://doi.acm.org/10.1145/176789.176795},
	doi = {10.1145/176789.176795},
	acmid = {176795},
	publisher = {ACM},
	address = {New York, NY, USA},
} 

@InProceedings{agentOrProgram,
	author = {Franklin, Stan and Graesser, Art},
	title = {Is It an Agent, or Just a Program?: A Taxonomy for Autonomous Agents},
	booktitle = {Proceedings of the Workshop on Intelligent Agents III, Agent Theories, Architectures, and Languages},
	series = {ECAI '96},
	year = {1997},
	isbn = {3-540-62507-0},
	pages = {21--35},
	numpages = {15},
	url = {http://dl.acm.org/citation.cfm?id=648203.749270},
	acmid = {749270},
	ublisher = {Springer-Verlag},
	address = {London, UK, UK},
}

@ARTICLE{Nwana96softwareagents,
    author = {Hyacinth S. Nwana},
    title = {Software agents: An overview},
    journal = {Knowledge Engineering Review},
    year = {1996},
    volume = {11},
    pages = {205--244}
}

@inproceedings{iaInGames,
	author = {van Lent, Michael and Laird, John E. and Buckman, Josh and Hartford, Joe and Houchard, Steve and Steinkraus, Kurt and Tedrake, Russ},
	booktitle = {AAAI/IAAI},
	editor = {Hendler, Jim and Subramanian, Devika},
	ee = {http://www.aaai.org/Library/AAAI/1999/aaai99-143.php},
	pages = {929-930},
	publisher = {AAAI Press / The MIT Press},
	title = {Intelligent Agents in Computer Games.},
	url = {http://dblp.uni-trier.de/db/conf/aaai/aaai99.html#LentLBHHST99},
	year = 1999
}

@book{aiForGames,
	author = {Millington, Ian and Funge, John},
	title = {Artificial Intelligence for Games, Second Edition},
	year = {2009},
	isbn = {0123747317, 9780123747310},
	edition = {2nd},
	publisher = {Morgan Kaufmann Publishers Inc.},
	address = {San Francisco, CA, USA},
} 

@article{PCGsurvey2013,
	author = {Hendrikx, Mark and Meijer, Sebastiaan and Van Der Velden, Joeri and Iosup, Alexandru},
	title = {Procedural Content Generation for Games: A Survey},
	journal = {ACM Trans. Multimedia Comput. Commun. Appl.},
	issue_date = {February 2013},
	volume = {9},
	number = {1},
	month = feb,
	year = {2013},
	issn = {1551-6857},
	pages = {1:1--1:22},
	articleno = {1},
	numpages = {22},
	url = {http://doi.acm.org/10.1145/2422956.2422957},
	doi = {10.1145/2422956.2422957},
	acmid = {2422957},
	publisher = {ACM},
	address = {New York, NY, USA},
	keywords = {Game content generation, procedural, survey},
} 

@inproceedings{questGenerator2011,
	author = {Doran, Jonathon and Parberry, Ian},
	title = {A Prototype Quest Generator Based on a Structural Analysis of Quests from Four MMORPGs},
	booktitle = {Proceedings of the 2Nd International Workshop on Procedural Content Generation in Games},
	series = {PCGames '11},
	year = {2011},
	isbn = {978-1-4503-0872-4},
	location = {Bordeaux, France},
	pages = {1:1--1:8},
	articleno = {1},
	numpages = {8},
	url = {http://doi.acm.org/10.1145/2000919.2000920},
	doi = {10.1145/2000919.2000920},
	acmid = {2000920},
	publisher = {ACM},
	address = {New York, NY, USA},
	keywords = {BNF, Java, MMORPG, NPC, Prolog, RPG, intractability, planning, procedural content generation, quest, role-playing game},
} 

@INPROCEEDINGS{Ponsen04improvingadaptive,
    author = {Marc Ponsen and Ir. P. H. M. Spronck},
    title = {Improving Adaptive Game AI with Evolutionary Learning},
    booktitle = {University of Wolverhampton},
    year = {2004},
    pages = {389--396}
}

@misc{microsoft:drivatar,
    title = {{Drivatar - Microsoft Research}},
	author = {Herbrich, R},
    howpublished = {http://research.microsoft.com/en-us/projects/drivatar/default.aspx},
	note = {Acessado em: 07-02-2016},
	year = {2011},
}

@misc{ibmdeepblue,
	title = {How {D}eep {B}lue works},
	howpublished = {\url{https://www.research.ibm.com/deepblue/meet/html/d.3.2.shtml}},
	note = {Acessado em: 07-02-2016},
	year = 2016
}

@incollection{Nielsen:1994:HE:189200.189209,
	author = {Nielsen, Jakob},
	chapter = {Heuristic Evaluation},
	title = {Usability Inspection Methods},
	editor = {Nielsen, Jakob and Mack, Robert L.},
	year = {1994},
	isbn = {0-471-01877-5},
	pages = {25--62},
	numpages = {38},
	url = {http://dl.acm.org/citation.cfm?id=189200.189209},
	acmid = {189209},
	publisher = {John Wiley \& Sons, Inc.},
	address = {New York, NY, USA},
} 

@inproceedings{DBLP:conf/aaai/ChristensenK86,
	author    = {Jens Christensen and Richard E. Korf},
	title     = {A Unified Theory of Heuristic Evaluation Functions and its Application to Learning},
	booktitle = {Proceedings of the 5th National Conference on Artificial Intelligence. Philadelphia, PA, August 11-15, 1986. Volume 1: Science.},
	pages     = {148--152},
	year      = {1986},
	url       = {http://www.aaai.org/Library/AAAI/1986/aaai86-023.php},
	timestamp = {Wed, 12 Dec 2012 15:08:20 +0100},
	biburl    = {http://dblp.uni-trier.de/rec/bib/conf/aaai/ChristensenK86},
	bibsource = {dblp computer science bibliography, http://dblp.org}
}

@ARTICLE{6637024, 
	author={Ontanon, S. and Synnaeve, G. and Uriarte, A. and Richoux, F. and Churchill, D. and Preuss, M.}, 
	journal={Computational Intelligence and AI in Games, IEEE Transactions on}, 
	title={A Survey of Real-Time Strategy Game AI Research and Competition in StarCraft}, 
	year={2013}, 
	volume={5}, 
	number={4}, 
	pages={293-311}, 
	keywords={artificial intelligence;computer games;real-time systems;RTS games;StarCraft AI competitions;real-time strategy game AI research;Artificial intelligence;Buildings;Cognition;Games;Planning;Real-time systems;Uncertainty;Game AI;StarCraft;real-time strategy;review1}, 
	doi={10.1109/TCIAIG.2013.2286295}, 
	ISSN={1943-068X}, 
	month={Dec},
}

@misc{cig204,
	title = {{CIG 2014}, IEEE {C}onference on {C}omputational {I}ntelligence and {G}ames},
	howpublished = {\url{http://www.cig2014.de/doku.php}},
	note = {Acessado em: 08-02-2016},
	year = 2016
}

@ARTICLE{panoramaAIGames, 
	author={Yannakakis, G.N. and Togelius, J.}, 
	journal={Computational Intelligence and AI in Games, IEEE Transactions on}, 
	title={A Panorama of Artificial and Computational Intelligence in Games}, 
	year={2015}, 
	volume={7}, 
	number={4}, 
	pages={317-335}, 
	keywords={artificial intelligence;computer games;human computer interaction;AI benchmarks;AI-assisted game design;NPC behavior learning;artificial intelligence;commercial games;computational intelligence;computational narrative believable agents;human-computer interaction;player modeling;player-game interaction;procedural content generation;search and planning;Artificial intelligence;Computational modeling;Evolutionary computation;Games;Planning;Seminars;Artificial intelligence;computational intelligence;games}, 
	doi={10.1109/TCIAIG.2014.2339221}, 
	ISSN={1943-068X}, 
	month={Dec},
}

@ARTICLE{browne12asurvey,
    author = {Cameron Browne aend Edward Powley and Daniel Whitehouse and Simon Lucas and Peter I. Cowling and Stephen Tavener and Diego Perez and Spyridon Samothrakis and Simon Colton and et al.},
    title = {A survey of Monte Carlo tree search methods},
    journal = {IEEE TRANSACTIONS ON COMPUTATIONAL INTELLIGENCE AND AI},
    year = {2012}
}

@article{campbell1983comparison,
	title={A comparison of minimax tree search algorithms},
	author={Campbell, Murray S and Marsland, T Anthony},
	journal={Artificial Intelligence},
	volume={20},
	number={4},
	pages={347--367},
	year={1983},
	publisher={Elsevier}
}

@INPROCEEDINGS{evoltuinaryneuralnetworks, 
	author={Moriarty, D.E. and Miikkulainen, R.}, 
	booktitle={Evolutionary Computation, 1994. IEEE World Congress on Computational Intelligence., Proceedings of the First IEEE Conference on}, 
	title={Improving game-tree search with evolutionary neural networks}, 
	year={1994}, 
	pages={496-501 vol.1}, 
	keywords={games of skill;genetic algorithms;minimax techniques;neural nets;optimisation;search problems;Othello;evolutionary neural networks;focus networks;full-width minimax opponent;game-tree search;heuristic board evaluation function;marker-based chromosomes;minimax algorithm;minimax search;search tree;Artificial neural networks;Biological cells;Computer networks;Encoding;Genetic algorithms;Humans;Minimax techniques;Neural networks;Time factors}, 
	doi={10.1109/ICEC.1994.349900}, 
	month={Jun},
}

@article{knuth1976analysis,
  title={An analysis of alpha-beta pruning},
  author={Knuth, Donald E and Moore, Ronald W},
  journal={Artificial intelligence},
  volume={6},
  number={4},
  pages={293--326},
  year={1976},
  publisher={Elsevier}
}

@article{kaelbling1996reinforcement,
  title={Reinforcement learning: A survey},
  author={Kaelbling, Leslie Pack and Littman, Michael L and Moore, Andrew W},
  journal={Journal of artificial intelligence research},
  pages={237--285},
  year={1996}
}

@book{Mitchell:1997:ML:541177,
 author = {Mitchell, Thomas M.},
 title = {Machine Learning},
 year = {1997},
 isbn = {0070428077, 9780070428072},
 edition = {1},
 publisher = {McGraw-Hill, Inc.},
 address = {New York, NY, USA},
}

@book{Sutton:1998:IRL:551283,
 author = {Sutton, Richard S. and Barto, Andrew G.},
 title = {Introduction to Reinforcement Learning},
 year = {1998},
 isbn = {0262193981},
 edition = {1st},
 publisher = {MIT Press},
 address = {Cambridge, MA, USA},
} 

@article{risi2014neuroevolution,
  title={Neuroevolution in games: State of the art and open challenges},
  author={Risi, Sebastian and Togelius, Julian},
  year={2014},
  publisher={IEEE}
}

@article{koehn1994combining,
  title={Combining genetic algorithms and neural networks: The encoding problem},
  author={Koehn, Philipp},
  year={1994},
  publisher={Citeseer}
}

@inproceedings{beiu2003survey,
  title={A survey of perceptron circuit complexity results},
  author={Beiu, Valeriu},
  booktitle={Intl. Joint Conf. Neural Networks IJCNN 03},
  volume={2},
  pages={989--994},
  year={2003}
}

@article{estebon1997perceptrons,
  title={Perceptrons: An associative learning network},
  author={Estebon, Michele D}
}

@INPROCEEDINGS{485447, 
	author={Koza, John R.}, 
	booktitle={WESCON/'95. Conference record. 'Microelectronics Communications Technology Producing Quality Products Mobile and Portable Power Emerging Technologies'}, 
	title={Survey of genetic algorithms and genetic programming}, 
	year={1995}, 
	pages={589-}, 
	keywords={Algorithm design and analysis;Biological cells;Books;Chromosome mapping;Computer science;Genetic algorithms;Genetic mutations;Genetic programming;Lifting equipment;Multidimensional systems}, 
	doi={10.1109/WESCON.1995.485447}, 
	ISSN={1095-791X}, 
	month={Nov},
}

@article{mitchell1995genetic,
  title={Genetic algorithms: An overview},
  author={Mitchell, Melanie},
  journal={Complexity},
  volume={1},
  number={1},
  pages={31--39},
  year={1995},
  publisher={Wiley Online Library}
}